@book{brunton2019data,
  title={Data-driven science and engineering: Machine learning, dynamical systems, and control},
  author={Brunton, Steven L and Kutz, J Nathan},
  year={2019},
  publisher={Cambridge University Press}
}

@article{candes2006robust,
  title={Robust uncertainty principles: Exact signal reconstruction from highly incomplete frequency information},
  author={Cand{\`e}s, Emmanuel J and Romberg, Justin and Tao, Terence},
  journal={IEEE Transactions on information theory},
  volume={52},
  number={2},
  pages={489--509},
  year={2006},
  publisher={IEEE}
}

@article{tseng2008accelerated,
  title={On accelerated proximal gradient methods for convex-concave optimization},
  author={Tseng, Paul},
  journal={submitted to SIAM Journal on Optimization},
  volume={2},
  number={3},
  year={2008}
}


@article{nesterov2007dual,
  title={Dual extrapolation and its applications to solving variational inequalities and related problems},
  author={Nesterov, Yurii},
  journal={Mathematical Programming},
  volume={109},
  number={2-3},
  pages={319--344},
  year={2007},
  publisher={Springer}
}
